@book{advancedlinux,
  title={Advanced linux programming},
  author={Mitchell, Mark and Oldham, Jeffrey and Samuel, Alex},
  year={2001},
  publisher={New Riders}
}
